@misc{ActivityPub,
  title = {ActivityPub},
  author = {Christopher Webber and Jessica Tallon},
  organization = {W3C},
  date = {2018-01-23},
  type = {W3C Recommendation},
  url = {https://www.w3.org/TR/activitypub/}
}

@misc{mastodon,
  author = {Eugen Rochko},
  title = {Mastodon: Social networking that's not for sale},
  year = {2016},
  url = {https://joinmastodon.org},
}

@misc{pixelfed,
  author = {Daniel Supernault},
  title = {Pixelfed: A decentralized photo sharing platform},
  year = {2018},
  url = {https://pixelfed.org},
}

@misc{peertube,
  organization = {Framasoft},
  title = {PeerTube: An alternative to Big Tech's video platforms},
  year = {2017},
  url = {https://joinpeertube.org},
}

@misc{lemmy,
  organization = {LemmyNet},
  title = {Lemmy: A federated link aggregator},
  year = {2020},
  url = {https://join-lemmy.org},
}

@techreport{webfinger,
  author = {Jones, Paul E. and Salgueiro, Gonzalo and Jones, Michael B. and Smarr, Joseph},
  organization = {Internet Engineering Task Force},
  title = {RFC 7033: WebFinger},
  year = {2013},
  month = {September},
  url = {https://tools.ietf.org/html/rfc7033},
}
